%% This BibTeX bibliography file was created using BibDesk.
%% http://bibdesk.sourceforge.net/

%% Created for deepak at 2018-01-08 12:08:34 +0530 


%% Saved with string encoding Unicode (UTF-8) 



@article{Ashtekar1986New,
	Author = {Ashtekar, Abhay},
	Date-Added = {2018-01-08 06:38:32 +0000},
	Date-Modified = {2018-01-08 06:38:32 +0000},
	Doi = {10.1103/PhysRevLett.57.2244},
	Journal = {Phys. Rev. Lett.},
	Month = {Nov},
	Number = {18},
	Numpages = {3},
	Pages = {2244--2247},
	Publisher = {American Physical Society},
	Title = {New Variables for Classical and Quantum Gravity},
	Volume = {57},
	Year = {1986},
	Bdsk-Url-1 = {http://dx.doi.org/10.1103/PhysRevLett.57.2244}}

@article{Ashtekar1987New,
	Author = {Ashtekar, Abhay},
	Date-Added = {2018-01-08 06:38:32 +0000},
	Date-Modified = {2018-01-08 06:38:32 +0000},
	Doi = {10.1103/PhysRevD.36.1587},
	Journal = {Phys. Rev. D},
	Month = {Sep},
	Number = {6},
	Numpages = {15},
	Pages = {1587--1602},
	Publisher = {American Physical Society},
	Title = {New Hamiltonian formulation of general relativity},
	Volume = {36},
	Year = {1987},
	Bdsk-Url-1 = {http://dx.doi.org/10.1103/PhysRevD.36.1587}}

@article{Krasnov1997On-the-Constant,
	Abstract = {The formula for the area eigenvalues that was obtained by many authors within the approach known as loop quantum gravity states that each edge of a spin network contributes an area proportional to sqrt{j(j+1)} times Planck length squared to any surface it transversely intersects. However, some confusion exists in the literature as to a value of the proportionality coefficient. The purpose of this rather technical note is to fix this coefficient. We present a calculation which shows that in a sector of quantum theory based on the connection A=Gamma-gamma*K, where Gamma is the spin connection compatible with the triad field, K is the extrinsic curvature and gamma is Immirzi parameter, the value of the multiplicative factor is 8*pi*gamma. In other words, each edge of a spin network contributes an area 8*pi*gamma*l\_p^2*sqrt{j(j+1)} to any surface it transversely intersects.},
	Archiveprefix = {arXiv},
	Author = {Krasnov, Kirill},
	Citeulike-Article-Id = {10542035},
	Citeulike-Linkout-0 = {http://arxiv.org/abs/gr-qc/9709058},
	Citeulike-Linkout-1 = {http://arxiv.org/pdf/gr-qc/9709058},
	Date-Added = {2018-01-08 06:18:45 +0000},
	Date-Modified = {2018-01-08 06:18:47 +0000},
	Day = {23},
	Eprint = {gr-qc/9709058},
	Keywords = {area-operator, classic, immirzi\_parameter, krasnov, lqg, spin\_networks},
	Month = sep,
	Posted-At = {2012-04-06 14:06:08},
	Priority = {2},
	Title = {On the Constant that Fixes the Area Spectrum in Canonical Quantum Gravity},
	Url = {http://arxiv.org/abs/gr-qc/9709058},
	Year = {1997},
	Bdsk-File-1 = {YnBsaXN0MDDUAQIDBAUGJCVYJHZlcnNpb25YJG9iamVjdHNZJGFyY2hpdmVyVCR0b3ASAAGGoKgHCBMUFRYaIVUkbnVsbNMJCgsMDxJXTlMua2V5c1pOUy5vYmplY3RzViRjbGFzc6INDoACgAOiEBGABIAFgAdccmVsYXRpdmVQYXRoWWFsaWFzRGF0YV8Qbi4uLy4uLy4uL2JpYmRlc2svS3Jhc25vdi5LX09uIHRoZSBDb25zdGFudCB0aGF0IEZpeGVzIHRoZSBBcmVhIFNwZWN0cnVtIGluIENhbm9uaWNhbCBRdWFudHVtIEdyYXZpdHlfMTk5N2EucGRm0hcLGBlXTlMuZGF0YU8RArQAAAAAArQAAgAADE1hY2ludG9zaCBIRAAAAAAAAAAAAAAAAAAAANCJ6aJIKwAAABZrhh9LcmFzbm92LktfT24gdGhlIENvbiMxNjcxNUIucGRmAAAAAAAAAAAAAAAAAAAAAAAAAAAAAAAAAAAAAAAAAAAAFnFby6TnC1BERiAAAAAAAAMAAgAACSAAAAAAAAAAAAAAAAAAAAAHYmliZGVzawAAEAAIAADQiZxKAAAAEQAIAADLpJmzAAAAAQAYABZrhgDO00oAzs8+ABTUkwAPAAIAApPTAAIAXk1hY2ludG9zaCBIRDpVc2VyczoAZGVlcGFrOgBvd25DbG91ZDoAcm9vdDoAcmVzZWFyY2g6AGJpYmRlc2s6AEtyYXNub3YuS19PbiB0aGUgQ29uIzE2NzE1Qi5wZGYADgC8AF0ASwByAGEAcwBuAG8AdgAuAEsAXwBPAG4AIAB0AGgAZQAgAEMAbwBuAHMAdABhAG4AdAAgAHQAaABhAHQAIABGAGkAeABlAHMAIAB0AGgAZQAgAEEAcgBlAGEAIABTAHAAZQBjAHQAcgB1AG0AIABpAG4AIABDAGEAbgBvAG4AaQBjAGEAbAAgAFEAdQBhAG4AdAB1AG0AIABHAHIAYQB2AGkAdAB5AF8AMQA5ADkANwBhAC4AcABkAGYADwAaAAwATQBhAGMAaQBuAHQAbwBzAGgAIABIAEQAEgCJVXNlcnMvZGVlcGFrL293bkNsb3VkL3Jvb3QvcmVzZWFyY2gvYmliZGVzay9LcmFzbm92LktfT24gdGhlIENvbnN0YW50IHRoYXQgRml4ZXMgdGhlIEFyZWEgU3BlY3RydW0gaW4gQ2Fub25pY2FsIFF1YW50dW0gR3Jhdml0eV8xOTk3YS5wZGYAABMAAS8AABUAAgAN//8AAIAG0hscHR5aJGNsYXNzbmFtZVgkY2xhc3Nlc11OU011dGFibGVEYXRhox0fIFZOU0RhdGFYTlNPYmplY3TSGxwiI1xOU0RpY3Rpb25hcnmiIiBfEA9OU0tleWVkQXJjaGl2ZXLRJidUcm9vdIABAAgAEQAaACMALQAyADcAQABGAE0AVQBgAGcAagBsAG4AcQBzAHUAdwCEAI4A/wEEAQwDxAPGA8sD1gPfA+0D8QP4BAEEBgQTBBYEKAQrBDAAAAAAAAACAQAAAAAAAAAoAAAAAAAAAAAAAAAAAAAEMg==},
	Bdsk-Url-1 = {http://arxiv.org/abs/gr-qc/9709058}}

@article{Ashtekar1997Quantum,
	Abstract = {A `black hole sector' of non-perturbative canonical quantum gravity is introduced. The quantum black hole degrees of freedom are shown to be described by a {Chern-Simons} field theory on the horizon. It is shown that the entropy of a large non-rotating black hole is proportional to its horizon area. The constant of proportionality depends upon the Immirzi parameter, which fixes the spectrum of the area operator in loop quantum gravity; an appropriate choice of this parameter gives the {Bekenstein-Hawking} formula S = A/4*l\_p^2. With the same choice of the Immirzi parameter, this result also holds for black holes carrying electric or dilatonic charge, which are not necessarily near extremal.},
	Archiveprefix = {arXiv},
	Author = {Ashtekar, A. and Baez, J. and Corichi, A. and Krasnov, K.},
	Citeulike-Article-Id = {7115443},
	Citeulike-Linkout-0 = {http://arxiv.org/abs/gr-qc/9710007},
	Citeulike-Linkout-1 = {http://arxiv.org/pdf/gr-qc/9710007},
	Citeulike-Linkout-2 = {http://dx.doi.org/10.1103/PhysRevLett.80.904},
	Date-Added = {2018-01-08 06:18:45 +0000},
	Date-Modified = {2018-01-08 06:18:47 +0000},
	Day = {1},
	Doi = {10.1103/PhysRevLett.80.904},
	Eprint = {gr-qc/9710007},
	Keywords = {black\_hole\_entropy, chern\_simons, immirzi\_parameter, lqg, quantum\_geometry, su2, u1},
	Month = oct,
	Posted-At = {2011-03-10 08:46:22},
	Priority = {2},
	Title = {Quantum Geometry and Black Hole Entropy},
	Url = {http://dx.doi.org/10.1103/PhysRevLett.80.904},
	Year = {1997},
	Bdsk-File-1 = {YnBsaXN0MDDUAQIDBAUGJCVYJHZlcnNpb25YJG9iamVjdHNZJGFyY2hpdmVyVCR0b3ASAAGGoKgHCBMUFRYaIVUkbnVsbNMJCgsMDxJXTlMua2V5c1pOUy5vYmplY3RzViRjbGFzc6INDoACgAOiEBGABIAFgAdccmVsYXRpdmVQYXRoWWFsaWFzRGF0YV8QXi4uLy4uLy4uL2JpYmRlc2svQXNodGVrYXIuQTtCYWV6Lko7Q29yaWNoaS5BX1F1YW50dW0gR2VvbWV0cnkgYW5kIEJsYWNrIEhvbGUgRW50cm9weV8xOTk3YS5wZGbSFwsYGVdOUy5kYXRhTxEChAAAAAAChAACAAAMTWFjaW50b3NoIEhEAAAAAAAAAAAAAAAAAAAA0InpokgrAAAAFmuGH0FzaHRla2FyLkE7QmFlei5KO0MjN0QwNkIyNS5wZGYAAAAAAAAAAAAAAAAAAAAAAAAAAAAAAAAAAAAAAAAAAAfQayXJno3gUERGIAAAAAAAAwACAAAJIAAAAAAAAAAAAAAAAAAAAAdiaWJkZXNrAAAQAAgAANCJnEoAAAARAAgAAMmeQIgAAAABABgAFmuGAM7TSgDOzz4AFNSTAA8AAgACk9MAAgBeTWFjaW50b3NoIEhEOlVzZXJzOgBkZWVwYWs6AG93bkNsb3VkOgByb290OgByZXNlYXJjaDoAYmliZGVzazoAQXNodGVrYXIuQTtCYWV6Lko7QyM3RDA2QjI1LnBkZgAOAJwATQBBAHMAaAB0AGUAawBhAHIALgBBADsAQgBhAGUAegAuAEoAOwBDAG8AcgBpAGMAaABpAC4AQQBfAFEAdQBhAG4AdAB1AG0AIABHAGUAbwBtAGUAdAByAHkAIABhAG4AZAAgAEIAbABhAGMAawAgAEgAbwBsAGUAIABFAG4AdAByAG8AcAB5AF8AMQA5ADkANwBhAC4AcABkAGYADwAaAAwATQBhAGMAaQBuAHQAbwBzAGgAIABIAEQAEgB5VXNlcnMvZGVlcGFrL293bkNsb3VkL3Jvb3QvcmVzZWFyY2gvYmliZGVzay9Bc2h0ZWthci5BO0JhZXouSjtDb3JpY2hpLkFfUXVhbnR1bSBHZW9tZXRyeSBhbmQgQmxhY2sgSG9sZSBFbnRyb3B5XzE5OTdhLnBkZgAAEwABLwAAFQACAA3//wAAgAbSGxwdHlokY2xhc3NuYW1lWCRjbGFzc2VzXU5TTXV0YWJsZURhdGGjHR8gVk5TRGF0YVhOU09iamVjdNIbHCIjXE5TRGljdGlvbmFyeaIiIF8QD05TS2V5ZWRBcmNoaXZlctEmJ1Ryb290gAEACAARABoAIwAtADIANwBAAEYATQBVAGAAZwBqAGwAbgBxAHMAdQB3AIQAjgDvAPQA/AOEA4YDiwOWA58DrQOxA7gDwQPGA9MD1gPoA+sD8AAAAAAAAAIBAAAAAAAAACgAAAAAAAAAAAAAAAAAAAPy},
	Bdsk-Url-1 = {http://dx.doi.org/10.1103/PhysRevLett.80.904}}

@article{Barbero1996From,
	Abstract = {We study in this paper a new approach to the problem of relating solutions to the Einstein field equations with Riemannian and Lorentzian signatures. The procedure can be thought of as a "real Wick rotation". We give a modified action for general relativity, depending on two real parameters, that can be used to control the signature of the solutions to the field equations. We show how this procedure works for the Schwarzschild metric and discuss some possible applications of the formalism in the context of signature change, the problem of time, black hole thermodynamics...},
	Archiveprefix = {arXiv},
	Author = {Fernando Barbero},
	Citeulike-Article-Id = {9202797},
	Citeulike-Linkout-0 = {http://arxiv.org/abs/gr-qc/9605066},
	Citeulike-Linkout-1 = {http://arxiv.org/pdf/gr-qc/9605066},
	Date-Added = {2018-01-08 06:17:46 +0000},
	Date-Modified = {2018-01-08 06:17:46 +0000},
	Day = {5},
	Eprint = {gr-qc/9605066},
	Keywords = {barbero\_immirzi\_parameter, classic, euclidean, loop\_quantum\_gravity, lorentzian, metric, signatures, wick\_rotation},
	Month = jun,
	Posted-At = {2011-04-24 13:43:50},
	Priority = {2},
	Title = {From Euclidean to Lorentzian General Relativity: The Real Way},
	Url = {http://arxiv.org/abs/gr-qc/9605066},
	Year = {1996},
	Bdsk-File-1 = {YnBsaXN0MDDUAQIDBAUGJCVYJHZlcnNpb25YJG9iamVjdHNZJGFyY2hpdmVyVCR0b3ASAAGGoKgHCBMUFRYaIVUkbnVsbNMJCgsMDxJXTlMua2V5c1pOUy5vYmplY3RzViRjbGFzc6INDoACgAOiEBGABIAFgAdccmVsYXRpdmVQYXRoWWFsaWFzRGF0YV8QYS4uLy4uLy4uL2JpYmRlc2svQmFyYmVyby5GX0Zyb20gRXVjbGlkZWFuIHRvIExvcmVudHppYW4gR2VuZXJhbCBSZWxhdGl2aXR5IFRoZSBSZWFsIFdheV8xOTk2YS5wZGbSFwsYGVdOUy5kYXRhTxECjAAAAAACjAACAAAMTWFjaW50b3NoIEhEAAAAAAAAAAAAAAAAAAAA0InpokgrAAAAFmuGH0JhcmJlcm8uRl9Gcm9tIEV1Y2wjNkEzNTVCMy5wZGYAAAAAAAAAAAAAAAAAAAAAAAAAAAAAAAAAAAAAAAAAAAajVbPJ2kzUUERGIAAAAAAAAwACAAAJIAAAAAAAAAAAAAAAAAAAAAdiaWJkZXNrAAAQAAgAANCJnEoAAAARAAgAAMnZ/3wAAAABABgAFmuGAM7TSgDOzz4AFNSTAA8AAgACk9MAAgBeTWFjaW50b3NoIEhEOlVzZXJzOgBkZWVwYWs6AG93bkNsb3VkOgByb290OgByZXNlYXJjaDoAYmliZGVzazoAQmFyYmVyby5GX0Zyb20gRXVjbCM2QTM1NUIzLnBkZgAOAKIAUABCAGEAcgBiAGUAcgBvAC4ARgBfAEYAcgBvAG0AIABFAHUAYwBsAGkAZABlAGEAbgAgAHQAbwAgAEwAbwByAGUAbgB0AHoAaQBhAG4AIABHAGUAbgBlAHIAYQBsACAAUgBlAGwAYQB0AGkAdgBpAHQAeQAgAFQAaABlACAAUgBlAGEAbAAgAFcAYQB5AF8AMQA5ADkANgBhAC4AcABkAGYADwAaAAwATQBhAGMAaQBuAHQAbwBzAGgAIABIAEQAEgB8VXNlcnMvZGVlcGFrL293bkNsb3VkL3Jvb3QvcmVzZWFyY2gvYmliZGVzay9CYXJiZXJvLkZfRnJvbSBFdWNsaWRlYW4gdG8gTG9yZW50emlhbiBHZW5lcmFsIFJlbGF0aXZpdHkgVGhlIFJlYWwgV2F5XzE5OTZhLnBkZgATAAEvAAAVAAIADf//AACABtIbHB0eWiRjbGFzc25hbWVYJGNsYXNzZXNdTlNNdXRhYmxlRGF0YaMdHyBWTlNEYXRhWE5TT2JqZWN00hscIiNcTlNEaWN0aW9uYXJ5oiIgXxAPTlNLZXllZEFyY2hpdmVy0SYnVHJvb3SAAQAIABEAGgAjAC0AMgA3AEAARgBNAFUAYABnAGoAbABuAHEAcwB1AHcAhACOAPIA9wD/A48DkQOWA6EDqgO4A7wDwwPMA9ED3gPhA/MD9gP7AAAAAAAAAgEAAAAAAAAAKAAAAAAAAAAAAAAAAAAAA/0=},
	Bdsk-File-2 = {YnBsaXN0MDDUAQIDBAUGJCVYJHZlcnNpb25YJG9iamVjdHNZJGFyY2hpdmVyVCR0b3ASAAGGoKgHCBMUFRYaIVUkbnVsbNMJCgsMDxJXTlMua2V5c1pOUy5vYmplY3RzViRjbGFzc6INDoACgAOiEBGABIAFgAdccmVsYXRpdmVQYXRoWWFsaWFzRGF0YV8QYC4uLy4uLy4uL2JpYmRlc2svQmFyYmVyby5GX0Zyb20gRXVjbGlkZWFuIHRvIExvcmVudHppYW4gR2VuZXJhbCBSZWxhdGl2aXR5IFRoZSBSZWFsIFdheV8xOTk2LnBkZtIXCxgZV05TLmRhdGFPEQKKAAAAAAKKAAIAAAxNYWNpbnRvc2ggSEQAAAAAAAAAAAAAAAAAAADQiemiSCsAAAAWa4YfQmFyYmVyby5GX0Zyb20gRXVjbCM2QTM1NzgxLnBkZgAAAAAAAAAAAAAAAAAAAAAAAAAAAAAAAAAAAAAAAAAABqNXgdJEsGJQREYgAAAAAAADAAIAAAkgAAAAAAAAAAAAAAAAAAAAB2JpYmRlc2sAABAACAAA0ImcSgAAABEACAAA0kRjCgAAAAEAGAAWa4YAztNKAM7PPgAU1JMADwACAAKT0wACAF5NYWNpbnRvc2ggSEQ6VXNlcnM6AGRlZXBhazoAb3duQ2xvdWQ6AHJvb3Q6AHJlc2VhcmNoOgBiaWJkZXNrOgBCYXJiZXJvLkZfRnJvbSBFdWNsIzZBMzU3ODEucGRmAA4AoABPAEIAYQByAGIAZQByAG8ALgBGAF8ARgByAG8AbQAgAEUAdQBjAGwAaQBkAGUAYQBuACAAdABvACAATABvAHIAZQBuAHQAegBpAGEAbgAgAEcAZQBuAGUAcgBhAGwAIABSAGUAbABhAHQAaQB2AGkAdAB5ACAAVABoAGUAIABSAGUAYQBsACAAVwBhAHkAXwAxADkAOQA2AC4AcABkAGYADwAaAAwATQBhAGMAaQBuAHQAbwBzAGgAIABIAEQAEgB7VXNlcnMvZGVlcGFrL293bkNsb3VkL3Jvb3QvcmVzZWFyY2gvYmliZGVzay9CYXJiZXJvLkZfRnJvbSBFdWNsaWRlYW4gdG8gTG9yZW50emlhbiBHZW5lcmFsIFJlbGF0aXZpdHkgVGhlIFJlYWwgV2F5XzE5OTYucGRmAAATAAEvAAAVAAIADf//AACABtIbHB0eWiRjbGFzc25hbWVYJGNsYXNzZXNdTlNNdXRhYmxlRGF0YaMdHyBWTlNEYXRhWE5TT2JqZWN00hscIiNcTlNEaWN0aW9uYXJ5oiIgXxAPTlNLZXllZEFyY2hpdmVy0SYnVHJvb3SAAQAIABEAGgAjAC0AMgA3AEAARgBNAFUAYABnAGoAbABuAHEAcwB1AHcAhACOAPEA9gD+A4wDjgOTA54DpwO1A7kDwAPJA84D2wPeA/AD8wP4AAAAAAAAAgEAAAAAAAAAKAAAAAAAAAAAAAAAAAAAA/o=},
	Bdsk-Url-1 = {http://arxiv.org/abs/gr-qc/9605066}}

@article{Immirzi1996Real,
	Abstract = {Both real and complex connections have been used for canonical gravity: the complex connection has {SL}({2,C}) as gauge group, while the real connection has {SU}(2) as gauge group. We show that there is an arbitrary parameter \$\beta\$ which enters in the definition of the real connection, in the Poisson brackets, and therefore in the scale of the discrete spectra one finds for areas and volumes in the corresponding quantum theory. A value for \$\beta\$ could be could be singled out in the quantum theory by the Hamiltonian constraint, or by the rotation to the complex Ashtekar connection.},
	Archiveprefix = {arXiv},
	Author = {Immirzi, Giorgio},
	Citeulike-Article-Id = {9206482},
	Citeulike-Linkout-0 = {http://arxiv.org/abs/gr-qc/9612030},
	Citeulike-Linkout-1 = {http://arxiv.org/pdf/gr-qc/9612030},
	Date-Added = {2018-01-08 06:17:46 +0000},
	Date-Modified = {2018-01-08 06:17:46 +0000},
	Day = {12},
	Eprint = {gr-qc/9612030},
	Keywords = {ashtekar\_variables, canonical\_quantization, classic, connection\_dynamics, giorgio\_immirzi, immirzi\_parameter, reality\_condition},
	Month = dec,
	Posted-At = {2011-04-25 11:46:55},
	Priority = {2},
	Title = {Real and complex connections for canonical gravity},
	Url = {http://arxiv.org/abs/gr-qc/9612030},
	Year = {1996},
	Bdsk-File-1 = {YnBsaXN0MDDUAQIDBAUGJCVYJHZlcnNpb25YJG9iamVjdHNZJGFyY2hpdmVyVCR0b3ASAAGGoKgHCBMUFRYaIVUkbnVsbNMJCgsMDxJXTlMua2V5c1pOUy5vYmplY3RzViRjbGFzc6INDoACgAOiEBGABIAFgAdccmVsYXRpdmVQYXRoWWFsaWFzRGF0YV8QVy4uLy4uLy4uL2JpYmRlc2svSW1taXJ6aS5HX1JlYWwgYW5kIGNvbXBsZXggY29ubmVjdGlvbnMgZm9yIGNhbm9uaWNhbCBncmF2aXR5XzE5OTZhLnBkZtIXCxgZV05TLmRhdGFPEQJuAAAAAAJuAAIAAAxNYWNpbnRvc2ggSEQAAAAAAAAAAAAAAAAAAADQiemiSCsAAAAWa4YfSW1taXJ6aS5HX1JlYWwgYW5kIGMjMTY3MEEyLnBkZgAAAAAAAAAAAAAAAAAAAAAAAAAAAAAAAAAAAAAAAAAAABZwosqG80FQREYgAAAAAAADAAIAAAkgAAAAAAAAAAAAAAAAAAAAB2JpYmRlc2sAABAACAAA0ImcSgAAABEACAAAyoal6QAAAAEAGAAWa4YAztNKAM7PPgAU1JMADwACAAKT0wACAF5NYWNpbnRvc2ggSEQ6VXNlcnM6AGRlZXBhazoAb3duQ2xvdWQ6AHJvb3Q6AHJlc2VhcmNoOgBiaWJkZXNrOgBJbW1pcnppLkdfUmVhbCBhbmQgYyMxNjcwQTIucGRmAA4AjgBGAEkAbQBtAGkAcgB6AGkALgBHAF8AUgBlAGEAbAAgAGEAbgBkACAAYwBvAG0AcABsAGUAeAAgAGMAbwBuAG4AZQBjAHQAaQBvAG4AcwAgAGYAbwByACAAYwBhAG4AbwBuAGkAYwBhAGwAIABnAHIAYQB2AGkAdAB5AF8AMQA5ADkANgBhAC4AcABkAGYADwAaAAwATQBhAGMAaQBuAHQAbwBzAGgAIABIAEQAEgByVXNlcnMvZGVlcGFrL293bkNsb3VkL3Jvb3QvcmVzZWFyY2gvYmliZGVzay9JbW1pcnppLkdfUmVhbCBhbmQgY29tcGxleCBjb25uZWN0aW9ucyBmb3IgY2Fub25pY2FsIGdyYXZpdHlfMTk5NmEucGRmABMAAS8AABUAAgAN//8AAIAG0hscHR5aJGNsYXNzbmFtZVgkY2xhc3Nlc11OU011dGFibGVEYXRhox0fIFZOU0RhdGFYTlNPYmplY3TSGxwiI1xOU0RpY3Rpb25hcnmiIiBfEA9OU0tleWVkQXJjaGl2ZXLRJidUcm9vdIABAAgAEQAaACMALQAyADcAQABGAE0AVQBgAGcAagBsAG4AcQBzAHUAdwCEAI4A6ADtAPUDZwNpA24DeQOCA5ADlAObA6QDqQO2A7kDywPOA9MAAAAAAAACAQAAAAAAAAAoAAAAAAAAAAAAAAAAAAAD1Q==},
	Bdsk-File-2 = {YnBsaXN0MDDUAQIDBAUGJCVYJHZlcnNpb25YJG9iamVjdHNZJGFyY2hpdmVyVCR0b3ASAAGGoKgHCBMUFRYaIVUkbnVsbNMJCgsMDxJXTlMua2V5c1pOUy5vYmplY3RzViRjbGFzc6INDoACgAOiEBGABIAFgAdccmVsYXRpdmVQYXRoWWFsaWFzRGF0YV8QVi4uLy4uLy4uL2JpYmRlc2svSW1taXJ6aS5HX1JlYWwgYW5kIGNvbXBsZXggY29ubmVjdGlvbnMgZm9yIGNhbm9uaWNhbCBncmF2aXR5XzE5OTYucGRm0hcLGBlXTlMuZGF0YU8RAmwAAAAAAmwAAgAADE1hY2ludG9zaCBIRAAAAAAAAAAAAAAAAAAAANCJ6aJIKwAAABZrhh9JbW1pcnppLkdfUmVhbCBhbmQgIzcwQjI1NzIucGRmAAAAAAAAAAAAAAAAAAAAAAAAAAAAAAAAAAAAAAAAAAAHCyVy0kSwnlBERiAAAAAAAAMAAgAACSAAAAAAAAAAAAAAAAAAAAAHYmliZGVzawAAEAAIAADQiZxKAAAAEQAIAADSRGNGAAAAAQAYABZrhgDO00oAzs8+ABTUkwAPAAIAApPTAAIAXk1hY2ludG9zaCBIRDpVc2VyczoAZGVlcGFrOgBvd25DbG91ZDoAcm9vdDoAcmVzZWFyY2g6AGJpYmRlc2s6AEltbWlyemkuR19SZWFsIGFuZCAjNzBCMjU3Mi5wZGYADgCMAEUASQBtAG0AaQByAHoAaQAuAEcAXwBSAGUAYQBsACAAYQBuAGQAIABjAG8AbQBwAGwAZQB4ACAAYwBvAG4AbgBlAGMAdABpAG8AbgBzACAAZgBvAHIAIABjAGEAbgBvAG4AaQBjAGEAbAAgAGcAcgBhAHYAaQB0AHkAXwAxADkAOQA2AC4AcABkAGYADwAaAAwATQBhAGMAaQBuAHQAbwBzAGgAIABIAEQAEgBxVXNlcnMvZGVlcGFrL293bkNsb3VkL3Jvb3QvcmVzZWFyY2gvYmliZGVzay9JbW1pcnppLkdfUmVhbCBhbmQgY29tcGxleCBjb25uZWN0aW9ucyBmb3IgY2Fub25pY2FsIGdyYXZpdHlfMTk5Ni5wZGYAABMAAS8AABUAAgAN//8AAIAG0hscHR5aJGNsYXNzbmFtZVgkY2xhc3Nlc11OU011dGFibGVEYXRhox0fIFZOU0RhdGFYTlNPYmplY3TSGxwiI1xOU0RpY3Rpb25hcnmiIiBfEA9OU0tleWVkQXJjaGl2ZXLRJidUcm9vdIABAAgAEQAaACMALQAyADcAQABGAE0AVQBgAGcAagBsAG4AcQBzAHUAdwCEAI4A5wDsAPQDZANmA2sDdgN/A40DkQOYA6EDpgOzA7YDyAPLA9AAAAAAAAACAQAAAAAAAAAoAAAAAAAAAAAAAAAAAAAD0g==},
	Bdsk-Url-1 = {http://arxiv.org/abs/gr-qc/9612030}}

@article{Wan2007Braid,
	Abstract = {We propose a new notation for the states in some models of quantum gravity, namely 4-valent spin networks embedded in a topological three manifold. With the help of this notation, equivalence moves, namely translations and rotations, can be defined, which relate the projections of diffeomorphic embeddings of a spin network. Certain types of topological structures, viz 3-strand braids as local excitations of embedded spin networks, are defined and classified by means of the equivalence moves. This paper formulates a mathematical approach to the further research of particle-like excitations in quantum gravity.},
	Author = {Wan, Yidun},
	Citeulike-Article-Id = {6444354},
	Citeulike-Linkout-0 = {http://arxiv.org/abs/0710.1312},
	Date-Added = {2018-01-08 05:32:25 +0000},
	Date-Modified = {2018-01-08 05:32:25 +0000},
	Eprint = {0710.1312},
	Keywords = {braids, elementary, file-import-09-12-27, gravity, model, particles, quantum, standard},
	Month = {Oct},
	Posted-At = {2009-12-27 12:17:44},
	Priority = {4},
	Title = {On Braid Excitations in Quantum Gravity},
	Url = {http://arxiv.org/abs/0710.1312},
	Year = {2007},
	Bdsk-File-1 = {YnBsaXN0MDDUAQIDBAUGJCVYJHZlcnNpb25YJG9iamVjdHNZJGFyY2hpdmVyVCR0b3ASAAGGoKgHCBMUFRYaIVUkbnVsbNMJCgsMDxJXTlMua2V5c1pOUy5vYmplY3RzViRjbGFzc6INDoACgAOiEBGABIAFgAdccmVsYXRpdmVQYXRoWWFsaWFzRGF0YV8QSC4uLy4uLy4uL2JpYmRlc2svV2FuLllfT24gQnJhaWQgRXhjaXRhdGlvbnMgaW4gUXVhbnR1bSBHcmF2aXR5XzIwMDdhLnBkZtIXCxgZV05TLmRhdGFPEQJCAAAAAAJCAAIAAAxNYWNpbnRvc2ggSEQAAAAAAAAAAAAAAAAAAADQiemiSCsAAAAWa4YfV2FuLllfT24gQnJhaWQgRXhjaXQjMTY3NEZELnBkZgAAAAAAAAAAAAAAAAAAAAAAAAAAAAAAAAAAAAAAAAAAABZ0/coH5y4AAAAAAAAAAAADAAIAAAkgAAAAAAAAAAAAAAAAAAAAB2JpYmRlc2sAABAACAAA0ImcSgAAABEACAAAygeZ1gAAAAEAGAAWa4YAztNKAM7PPgAU1JMADwACAAKT0wACAF5NYWNpbnRvc2ggSEQ6VXNlcnM6AGRlZXBhazoAb3duQ2xvdWQ6AHJvb3Q6AHJlc2VhcmNoOgBiaWJkZXNrOgBXYW4uWV9PbiBCcmFpZCBFeGNpdCMxNjc0RkQucGRmAA4AcAA3AFcAYQBuAC4AWQBfAE8AbgAgAEIAcgBhAGkAZAAgAEUAeABjAGkAdABhAHQAaQBvAG4AcwAgAGkAbgAgAFEAdQBhAG4AdAB1AG0AIABHAHIAYQB2AGkAdAB5AF8AMgAwADAANwBhAC4AcABkAGYADwAaAAwATQBhAGMAaQBuAHQAbwBzAGgAIABIAEQAEgBjVXNlcnMvZGVlcGFrL293bkNsb3VkL3Jvb3QvcmVzZWFyY2gvYmliZGVzay9XYW4uWV9PbiBCcmFpZCBFeGNpdGF0aW9ucyBpbiBRdWFudHVtIEdyYXZpdHlfMjAwN2EucGRmAAATAAEvAAAVAAIADf//AACABtIbHB0eWiRjbGFzc25hbWVYJGNsYXNzZXNdTlNNdXRhYmxlRGF0YaMdHyBWTlNEYXRhWE5TT2JqZWN00hscIiNcTlNEaWN0aW9uYXJ5oiIgXxAPTlNLZXllZEFyY2hpdmVy0SYnVHJvb3SAAQAIABEAGgAjAC0AMgA3AEAARgBNAFUAYABnAGoAbABuAHEAcwB1AHcAhACOANkA3gDmAywDLgMzAz4DRwNVA1kDYANpA24DewN+A5ADkwOYAAAAAAAAAgEAAAAAAAAAKAAAAAAAAAAAAAAAAAAAA5o=},
	Bdsk-Url-1 = {http://arxiv.org/abs/0710.1312}}

@electronic{Bilson-Thompson2005A-topological,
	Abstract = {We present a modification of the preon model proposed independently by Shupe and Harari. A basic dynamics is developed by treating the binding of preons as topological in nature and identifying the substructure of quarks, leptons and gauge bosons with elements of the braid group B\_3. Topological considerations and a straightforward set of assumptions lead directly to behaviour consistent with much of the known phenomenology of the Standard Model. The preons of this model may be viewed as composite in nature, and composed of sub-preons, representing exactly two levels of substructure within quarks and leptons.},
	Archiveprefix = {arXiv},
	Author = {Sundance Bilson-Thompson},
	Citeulike-Article-Id = {821359},
	Citeulike-Linkout-0 = {http://arxiv.org/abs/hep-ph/0503213},
	Citeulike-Linkout-1 = {http://arxiv.org/pdf/hep-ph/0503213},
	Date-Added = {2018-01-08 05:32:20 +0000},
	Date-Modified = {2018-01-08 05:32:20 +0000},
	Day = {22},
	Eprint = {hep-ph/0503213},
	Keywords = {braids, model, preons, standard},
	Month = {Mar},
	Priority = {2},
	Title = {A topological model of composite preons},
	Url = {http://arxiv.org/abs/hep-ph/0503213},
	Year = {2005},
	Bdsk-File-1 = {YnBsaXN0MDDUAQIDBAUGJCVYJHZlcnNpb25YJG9iamVjdHNZJGFyY2hpdmVyVCR0b3ASAAGGoKgHCBMUFRYaIVUkbnVsbNMJCgsMDxJXTlMua2V5c1pOUy5vYmplY3RzViRjbGFzc6INDoACgAOiEBGABIAFgAdccmVsYXRpdmVQYXRoWWFsaWFzRGF0YV8QVC4uLy4uLy4uL2JpYmRlc2svQmlsc29uLVRob21wc29uLlNfQSB0b3BvbG9naWNhbCBtb2RlbCBvZiBjb21wb3NpdGUgcHJlb25zXzIwMDVhLnBkZtIXCxgZV05TLmRhdGFPEQJmAAAAAAJmAAIAAAxNYWNpbnRvc2ggSEQAAAAAAAAAAAAAAAAAAADQiemiSCsAAAAWa4YfQmlsc29uLVRob21wc29uLlNfQSAjMTY2RDE0LnBkZgAAAAAAAAAAAAAAAAAAAAAAAAAAAAAAAAAAAAAAAAAAABZtFMxX/m4AAAAAAAAAAAADAAIAAAkgAAAAAAAAAAAAAAAAAAAAB2JpYmRlc2sAABAACAAA0ImcSgAAABEACAAAzFexFgAAAAEAGAAWa4YAztNKAM7PPgAU1JMADwACAAKT0wACAF5NYWNpbnRvc2ggSEQ6VXNlcnM6AGRlZXBhazoAb3duQ2xvdWQ6AHJvb3Q6AHJlc2VhcmNoOgBiaWJkZXNrOgBCaWxzb24tVGhvbXBzb24uU19BICMxNjZEMTQucGRmAA4AiABDAEIAaQBsAHMAbwBuAC0AVABoAG8AbQBwAHMAbwBuAC4AUwBfAEEAIAB0AG8AcABvAGwAbwBnAGkAYwBhAGwAIABtAG8AZABlAGwAIABvAGYAIABjAG8AbQBwAG8AcwBpAHQAZQAgAHAAcgBlAG8AbgBzAF8AMgAwADAANQBhAC4AcABkAGYADwAaAAwATQBhAGMAaQBuAHQAbwBzAGgAIABIAEQAEgBvVXNlcnMvZGVlcGFrL293bkNsb3VkL3Jvb3QvcmVzZWFyY2gvYmliZGVzay9CaWxzb24tVGhvbXBzb24uU19BIHRvcG9sb2dpY2FsIG1vZGVsIG9mIGNvbXBvc2l0ZSBwcmVvbnNfMjAwNWEucGRmAAATAAEvAAAVAAIADf//AACABtIbHB0eWiRjbGFzc25hbWVYJGNsYXNzZXNdTlNNdXRhYmxlRGF0YaMdHyBWTlNEYXRhWE5TT2JqZWN00hscIiNcTlNEaWN0aW9uYXJ5oiIgXxAPTlNLZXllZEFyY2hpdmVy0SYnVHJvb3SAAQAIABEAGgAjAC0AMgA3AEAARgBNAFUAYABnAGoAbABuAHEAcwB1AHcAhACOAOUA6gDyA1wDXgNjA24DdwOFA4kDkAOZA54DqwOuA8ADwwPIAAAAAAAAAgEAAAAAAAAAKAAAAAAAAAAAAAAAAAAAA8o=},
	Bdsk-Url-1 = {http://arxiv.org/abs/hep-ph/0503213}}

@book{Polchinski1998aString,
	Author = {Polchinski, Joseph},
	Citeulike-Article-Id = {9043910},
	Citeulike-Linkout-0 = {http://www.amazon.ca/exec/obidos/redirect?tag=citeulike09-20\&amp;path=ASIN/0521633036},
	Citeulike-Linkout-1 = {http://www.amazon.de/exec/obidos/redirect?tag=citeulike01-21\&amp;path=ASIN/0521633036},
	Citeulike-Linkout-2 = {http://www.amazon.fr/exec/obidos/redirect?tag=citeulike06-21\&amp;path=ASIN/0521633036},
	Citeulike-Linkout-3 = {http://www.amazon.jp/exec/obidos/ASIN/0521633036},
	Citeulike-Linkout-4 = {http://www.amazon.co.uk/exec/obidos/ASIN/0521633036/citeulike00-21},
	Citeulike-Linkout-5 = {http://www.amazon.com/exec/obidos/redirect?tag=citeulike07-20\&path=ASIN/0521633036},
	Citeulike-Linkout-6 = {http://www.worldcat.org/isbn/9780521633031},
	Citeulike-Linkout-7 = {http://books.google.com/books?vid=ISBN9780521633031},
	Citeulike-Linkout-8 = {http://www.amazon.com/gp/search?keywords=9780521633031\&index=books\&linkCode=qs},
	Citeulike-Linkout-9 = {http://www.librarything.com/isbn/9780521633031},
	Date-Added = {2018-01-08 05:32:11 +0000},
	Date-Modified = {2018-01-08 05:32:11 +0000},
	Day = {13},
	Edition = {1},
	Howpublished = {Hardcover},
	Isbn = {9780521633031},
	Keywords = {book, introduction, mathematical\_physics, polchinski, string\_theory},
	Month = oct,
	Posted-At = {2011-03-22 19:38:04},
	Priority = {2},
	Publisher = {Cambridge University Press},
	Title = {String Theory (Cambridge Monographs on Mathematical Physics) (Volume 1)},
	Url = {http://www.amazon.com/exec/obidos/redirect?tag=citeulike07-20\&path=ASIN/0521633036},
	Year = {1998},
	Bdsk-File-1 = {YnBsaXN0MDDUAQIDBAUGJCVYJHZlcnNpb25YJG9iamVjdHNZJGFyY2hpdmVyVCR0b3ASAAGGoKgHCBMUFRYaIVUkbnVsbNMJCgsMDxJXTlMua2V5c1pOUy5vYmplY3RzViRjbGFzc6INDoACgAOiEBGABIAFgAdccmVsYXRpdmVQYXRoWWFsaWFzRGF0YV8Qby4uLy4uLy4uL2JpYmRlc2svUG9sY2hpbnNraS5KX1N0cmluZyBUaGVvcnkgKENhbWJyaWRnZSBNb25vZ3JhcGhzIG9uIE1hdGhlbWF0aWNhbCBQaHlzaWNzKSAoVm9sdW1lIDEpXzE5OThhLnBkZtIXCxgZV05TLmRhdGFPEQK2AAAAAAK2AAIAAAxNYWNpbnRvc2ggSEQAAAAAAAAAAAAAAAAAAADQiemiSCsAAAAWa4YfUG9sY2hpbnNraS5KX1N0cmluZyMzNkM0QkUyLnBkZgAAAAAAAAAAAAAAAAAAAAAAAAAAAAAAAAAAAAAAAAAAA2xL4smu+UBQREYgAAAAAAADAAIAAAkgAAAAAAAAAAAAAAAAAAAAB2JpYmRlc2sAABAACAAA0ImcSgAAABEACAAAya6r6AAAAAEAGAAWa4YAztNKAM7PPgAU1JMADwACAAKT0wACAF5NYWNpbnRvc2ggSEQ6VXNlcnM6AGRlZXBhazoAb3duQ2xvdWQ6AHJvb3Q6AHJlc2VhcmNoOgBiaWJkZXNrOgBQb2xjaGluc2tpLkpfU3RyaW5nIzM2QzRCRTIucGRmAA4AvgBeAFAAbwBsAGMAaABpAG4AcwBrAGkALgBKAF8AUwB0AHIAaQBuAGcAIABUAGgAZQBvAHIAeQAgACgAQwBhAG0AYgByAGkAZABnAGUAIABNAG8AbgBvAGcAcgBhAHAAaABzACAAbwBuACAATQBhAHQAaABlAG0AYQB0AGkAYwBhAGwAIABQAGgAeQBzAGkAYwBzACkAIAAoAFYAbwBsAHUAbQBlACAAMQApAF8AMQA5ADkAOABhAC4AcABkAGYADwAaAAwATQBhAGMAaQBuAHQAbwBzAGgAIABIAEQAEgCKVXNlcnMvZGVlcGFrL293bkNsb3VkL3Jvb3QvcmVzZWFyY2gvYmliZGVzay9Qb2xjaGluc2tpLkpfU3RyaW5nIFRoZW9yeSAoQ2FtYnJpZGdlIE1vbm9ncmFwaHMgb24gTWF0aGVtYXRpY2FsIFBoeXNpY3MpIChWb2x1bWUgMSlfMTk5OGEucGRmABMAAS8AABUAAgAN//8AAIAG0hscHR5aJGNsYXNzbmFtZVgkY2xhc3Nlc11OU011dGFibGVEYXRhox0fIFZOU0RhdGFYTlNPYmplY3TSGxwiI1xOU0RpY3Rpb25hcnmiIiBfEA9OU0tleWVkQXJjaGl2ZXLRJidUcm9vdIABAAgAEQAaACMALQAyADcAQABGAE0AVQBgAGcAagBsAG4AcQBzAHUAdwCEAI4BAAEFAQ0DxwPJA84D2QPiA/AD9AP7BAQECQQWBBkEKwQuBDMAAAAAAAACAQAAAAAAAAAoAAAAAAAAAAAAAAAAAAAENQ==},
	Bdsk-Url-1 = {http://www.amazon.com/exec/obidos/redirect?tag=citeulike07-20%5C&path=ASIN/0521633036}}

@article{Freidel2017Loop,
	Author = {Freidel, Laurent and Perez, Alejandro and Pranzetti, Daniele},
	Date-Modified = {2018-01-08 05:18:57 +0000},
	Doi = {10.1103/PhysRevD.95.106002},
	Eprint = {1611.03668},
	Issn = {24700029},
	Month = {nov},
	Number = {10},
	Title = {{Loop gravity string}},
	Url = {http://arxiv.org/abs/1611.03668},
	Volume = {95},
	Year = {2017},
	Bdsk-Url-1 = {http://arxiv.org/abs/1611.03668},
	Bdsk-Url-2 = {https://dx.doi.org/10.1103/PhysRevD.95.106002}}

@article{Zuo2016A-note,
	Author = {Zuo, Fen},
	Date-Modified = {2018-01-08 05:18:57 +0000},
	Eprint = {1607.05866},
	Month = {jul},
	Title = {{A note on the architecture of spacetime geometry}},
	Url = {http://arxiv.org/abs/1607.05866},
	Year = {2016},
	Bdsk-Url-1 = {http://arxiv.org/abs/1607.05866}}

@article{Zuo2017Simplicity,
	Author = {Zuo, Fen},
	Date-Modified = {2018-01-08 05:18:57 +0000},
	Eprint = {1706.00312},
	Month = {jun},
	Title = {{Simplicity condition and boundary-bulk duality}},
	Url = {http://arxiv.org/abs/1706.00312},
	Year = {2017},
	Bdsk-Url-1 = {http://arxiv.org/abs/1706.00312}}

@article{Kaul2012Entropy,
	Author = {Kaul, Romesh K.},
	Date-Modified = {2018-01-08 05:18:57 +0000},
	Day = {8},
	Doi = {10.3842/SIGMA.2012.005},
	Eprint = {1201.6102},
	Issn = {18150659},
	Month = feb,
	Title = {Entropy of Quantum Black Holes},
	Url = {http://dx.doi.org/10.3842/SIGMA.2012.005},
	Year = {2012},
	Bdsk-Url-1 = {http://dx.doi.org/10.3842/SIGMA.2012.005}}

@article{Smolin1998Strings,
	Author = {Smolin, Lee},
	Date-Modified = {2018-01-08 05:18:57 +0000},
	Day = {6},
	Doi = {10.1016/S0920-5632(00)00758-1},
	Eprint = {hep-th/9801022},
	Month = {Jan},
	Title = {Strings as perturbations of evolving spin-networks},
	Url = {http://dx.doi.org/10.1016/S0920-5632(00)00758-1},
	Year = {1998},
	Bdsk-Url-1 = {http://dx.doi.org/10.1016/S0920-5632(00)00758-1}}

@misc{Smolin2003How-far-are-we-from,
	Author = {Smolin, Lee},
	Date-Modified = {2018-01-08 05:18:57 +0000},
	Day = {11},
	Eprint = {hep-th/0303185},
	Month = apr,
	Title = {How far are we from the quantum theory of gravity?},
	Url = {http://arxiv.org/abs/hep-th/0303185},
	Year = {2003},
	Bdsk-Url-1 = {http://arxiv.org/abs/hep-th/0303185}}

@misc{Thiemann2004The-LQG-String:,
	Author = {Thiemann, Thomas},
	Date-Modified = {2018-01-08 05:18:57 +0000},
	Day = {23},
	Eprint = {hep-th/0401172},
	Month = jan,
	Title = {The {LQG}-String: Loop Quantum Gravity Quantization of String Theory I. Flat Target Space},
	Url = {http://arxiv.org/abs/hep-th/0401172},
	Year = {2004},
	Bdsk-Url-1 = {http://arxiv.org/abs/hep-th/0401172}}

@misc{Gambini2014Emergence,
	Author = {Gambini, Rodolfo and Pullin, Jorge},
	Date-Modified = {2018-01-08 05:18:57 +0000},
	Day = {10},
	Eprint = {1406.2610},
	Month = jun,
	Title = {Emergence of string-like physics from Lorentz invariance in loop quantum gravity},
	Url = {http://arxiv.org/abs/1406.2610},
	Year = {2014},
	Bdsk-Url-1 = {http://arxiv.org/abs/1406.2610}}

@misc{Bodendorfer2015A-note,
	Author = {Bodendorfer, Norbert},
	Date-Modified = {2018-01-08 05:18:57 +0000},
	Day = {7},
	Eprint = {1509.02036},
	Month = sep,
	Title = {A note on quantum supergravity and {AdS}/{CFT}},
	Url = {http://arxiv.org/abs/1509.02036},
	Year = {2015},
	Bdsk-Url-1 = {http://arxiv.org/abs/1509.02036}}

@article{Cai2017The-String,
	Author = {Cai, Rong-Gen and Ruan, Shan-Ming and Yang, Run-Qiu and Zhang, Yun-Long},
	Date-Modified = {2018-01-08 05:18:57 +0000},
	Eprint = {1709.06297},
	Month = {sep},
	Title = {{The String Worldsheet as the Holographic Dual of SYK State}},
	Url = {http://arxiv.org/abs/1709.06297},
	Year = {2017},
	Bdsk-Url-1 = {http://arxiv.org/abs/1709.06297}}

@article{Huggett2017The-Atemporal,
	Author = {Huggett, Nick and Wuthrich, Christian},
	Date-Modified = {2018-01-08 05:18:57 +0000},
	Eprint = {1710.11444},
	Month = {oct},
	Title = {{The (A)temporal Emergence of Spacetime}},
	Url = {http://arxiv.org/abs/1710.11444},
	Year = {2017},
	Bdsk-Url-1 = {http://arxiv.org/abs/1710.11444}}

@article{Krasnov2009Black,
	Author = {Krasnov, Kirill and Rovelli, Carlo},
	Date-Modified = {2018-01-08 05:18:57 +0000},
	Day = {29},
	Eprint = {0905.4916},
	Month = {May},
	Title = {Black holes in full quantum gravity},
	Url = {http://arxiv.org/abs/0905.4916},
	Year = {2009},
	Bdsk-Url-1 = {http://arxiv.org/abs/0905.4916}}

@article{Rovelli2006A-semiclassical,
	Author = {Rovelli, Carlo and Speziale, Simone},
	Date-Modified = {2018-01-08 05:18:57 +0000},
	Day = {27},
	Doi = {10.1088/0264-9381/23/20/008},
	Eprint = {gr-qc/0606074},
	Month = {Aug},
	Title = {A semiclassical tetrahedron},
	Url = {http://dx.doi.org/10.1088/0264-9381/23/20/008},
	Year = {2006},
	Bdsk-Url-1 = {http://dx.doi.org/10.1088/0264-9381/23/20/008}}

@misc{Ambjorn2013Quantum,
	Author = {Ambjorn, J. and Goerlich, A. and Jurkiewicz, J. and Loll, R.},
	Date-Modified = {2018-01-08 05:18:57 +0000},
	Day = {8},
	Eprint = {1302.2173},
	Month = feb,
	Title = {Quantum Gravity via Causal Dynamical Triangulations},
	Url = {http://arxiv.org/abs/1302.2173},
	Year = {2013},
	Bdsk-Url-1 = {http://arxiv.org/abs/1302.2173}}

@article{Deser2009Gravity,
	Author = {Deser, S.},
	Date-Modified = {2018-01-08 05:18:57 +0000},
	Day = {25},
	Doi = {10.1007/s10714-009-0912-9},
	Eprint = {0910.2975},
	Month = {Nov},
	Title = {{Gravity from self-interaction redux}},
	Url = {http://dx.doi.org/10.1007/s10714-009-0912-9},
	Year = {2009},
	Bdsk-Url-1 = {http://dx.doi.org/10.1007/s10714-009-0912-9}}

@article{Padmanabhan2004From,
	Author = {Padmanabhan, T.},
	Date-Modified = {2018-01-08 05:18:57 +0000},
	Day = {23},
	Eprint = {gr-qc/0409089},
	Month = sep,
	Title = {From Gravitons to Gravity: Myths and Reality},
	Url = {http://arxiv.org/abs/gr-qc/0409089},
	Year = {2004},
	Bdsk-Url-1 = {http://arxiv.org/abs/gr-qc/0409089}}

@article{Boulware1975Classical,
	Author = {Boulware, D. and Deser, S.},
	Date-Modified = {2018-01-08 05:18:57 +0000},
	Doi = {10.1016/0003-4916(75)90302-4},
	Issn = {00034916},
	Month = {January},
	Number = {1},
	Pages = {193--240},
	Title = {{Classical general relativity derived from quantum gravity}},
	Url = {http://dx.doi.org/10.1016/0003-4916(75)90302-4},
	Volume = {89},
	Year = {1975},
	Bdsk-Url-1 = {http://dx.doi.org/10.1016/0003-4916(75)90302-4}}

@article{Wan2007On-Braid,
	Author = {Wan, Yidun},
	Date-Modified = {2018-01-08 05:18:57 +0000},
	Eprint = {0710.1312},
	Month = {Oct},
	Title = {On Braid Excitations in Quantum Gravity},
	Url = {http://arxiv.org/abs/0710.1312},
	Year = {2007},
	Bdsk-Url-1 = {http://arxiv.org/abs/0710.1312}}

@article{Wan2009Effective,
	Author = {Wan, Yidun},
	Date-Modified = {2018-01-08 05:18:57 +0000},
	Day = {8},
	Eprint = {0809.4464},
	Month = jan,
	Title = {Effective Theory of Braid Excitations of Quantum Geometry in terms of Feynman Diagrams},
	Url = {http://arxiv.org/abs/0809.4464},
	Year = {2009},
	Bdsk-Url-1 = {http://arxiv.org/abs/0809.4464}}

@article{Ashtekar2004Background,
	Author = {Ashtekar, Abhay and Lewandowski, Jerzy},
	Date-Modified = {2018-01-08 05:18:57 +0000},
	Doi = {10.1088/0264-9381/21/15/R01},
	Number = {15},
	Pages = {R53--R152},
	Title = {Background independent quantum gravity: a status report},
	Url = {http://dx.doi.org/10.1088/0264-9381/21/15/R01},
	Volume = {21},
	Year = {2004},
	Bdsk-Url-1 = {http://dx.doi.org/10.1088/0264-9381/21/15/R01}}

@misc{Sen2012Logarithmic,
	Author = {Sen, Ashoke},
	Date-Modified = {2018-01-08 05:18:57 +0000},
	Day = {4},
	Eprint = {1205.0971},
	Month = may,
	Title = {Logarithmic Corrections to Schwarzschild and Other Non-extremal Black Hole Entropy in Different Dimensions},
	Url = {http://arxiv.org/abs/1205.0971},
	Year = {2012},
	Bdsk-Url-1 = {http://arxiv.org/abs/1205.0971}}

@misc{Sen2014Microscopic,
	Author = {Sen, Ashoke},
	Date-Modified = {2018-01-08 05:18:57 +0000},
	Day = {1},
	Eprint = {1402.0109},
	Month = feb,
	Title = {Microscopic and Macroscopic Entropy of Extremal Black Holes in String Theory},
	Url = {http://arxiv.org/abs/1402.0109},
	Year = {2014},
	Bdsk-Url-1 = {http://arxiv.org/abs/1402.0109}}

@article{Sen1997String,
	Author = {Sen, Ashoke},
	Date-Modified = {2018-01-08 05:18:57 +0000},
	Day = {17},
	Doi = {10.1088/1126-6708/1998/03/005},
	Eprint = {hep-th/9711130},
	Issn = {1029-8479},
	Month = dec,
	Number = {03},
	Pages = {005},
	Title = {String Network},
	Url = {http://dx.doi.org/10.1088/1126-6708/1998/03/005},
	Volume = {1998},
	Year = {1997},
	Bdsk-Url-1 = {http://dx.doi.org/10.1088/1126-6708/1998/03/005}}

@article{Morales-Tecotl1994Fermions,
	Author = {Morales-Tecotl, H. A. and Rovelli, C.},
	Date-Modified = {2018-01-08 05:18:57 +0000},
	Day = {13},
	Eprint = {gr-qc/9401011},
	Month = {Jan},
	Title = {{Fermions in Quantum Gravity}},
	Url = {http://arxiv.org/abs/gr-qc/9401011},
	Year = {1994},
	Bdsk-Url-1 = {http://arxiv.org/abs/gr-qc/9401011}}

@article{Rovelli2011Zakopane,
	Author = {Rovelli, Carlo},
	Date-Modified = {2018-01-08 05:18:57 +0000},
	Day = {20},
	Eprint = {1102.3660},
	Month = feb,
	Title = {Zakopane Lectures on loop gravity},
	Url = {http://arxiv.org/abs/1102.3660},
	Year = {2011},
	Bdsk-Url-1 = {http://arxiv.org/abs/1102.3660}}

@misc{Bilson-Thompson2006Quantum,
	Author = {Bilson-Thompson, Sundance O. and Markopoulou, Fotini and Smolin, Lee},
	Date-Modified = {2018-01-08 05:18:57 +0000},
	Eprint = {hep-th/0603022},
	Month = {Mar},
	Title = {Quantum gravity and the standard model},
	Url = {http://arxiv.org/abs/hep-th/0603022},
	Year = {2006},
	Bdsk-Url-1 = {http://arxiv.org/abs/hep-th/0603022}}

@article{Vaid2010Embedding,
	Author = {Vaid, Deepak},
	Date-Modified = {2018-01-08 05:18:57 +0000},
	Day = {8},
	Eprint = {1002.1462},
	Month = {Feb},
	Title = {Embedding the Bilson-Thompson model in an LQG-like framework},
	Url = {http://arxiv.org/abs/1002.1462},
	Year = {2010},
	Bdsk-Url-1 = {http://arxiv.org/abs/1002.1462}}

@misc{Vaid2013Elementary,
	Author = {Vaid, Deepak},
	Date-Modified = {2018-01-08 05:18:57 +0000},
	Day = {29},
	Eprint = {1307.0096},
	Month = jun,
	Title = {Elementary Particles as Gates for Universal Quantum Computation},
	Url = {http://arxiv.org/abs/1307.0096},
	Year = {2013},
	Bdsk-Url-1 = {http://arxiv.org/abs/1307.0096}}

@article{Ashtekar1992Weaving,
	Author = {Ashtekar, Abhay and Rovelli, Carlo and Smolin, Lee},
	Date-Modified = {2018-01-08 05:18:57 +0000},
	Doi = {10.1103/PhysRevLett.69.237},
	Month = jul,
	Number = {2},
	Pages = {237--240},
	Title = {Weaving a classical metric with quantum threads},
	Url = {http://dx.doi.org/10.1103/PhysRevLett.69.237},
	Volume = {69},
	Year = {1992},
	Bdsk-Url-1 = {http://dx.doi.org/10.1103/PhysRevLett.69.237}}

@article{Rovelli1993Area,
	Author = {Rovelli, Carlo},
	Date-Modified = {2018-01-08 05:18:57 +0000},
	Doi = {10.1103/PhysRevD.47.1703},
	Month = feb,
	Pages = {1703--1705},
	Title = {Area is the length of Ashtekar's triad field},
	Url = {http://dx.doi.org/10.1103/PhysRevD.47.1703},
	Volume = {47},
	Year = {1993},
	Bdsk-Url-1 = {http://dx.doi.org/10.1103/PhysRevD.47.1703}}

@article{Rovelli1994Discreteness,
	Author = {Rovelli, Carlo and Smolin, Lee},
	Date-Modified = {2018-01-08 05:18:57 +0000},
	Day = {2},
	Eprint = {gr-qc/9411005},
	Month = nov,
	Title = {Discreteness of area and volume in quantum gravity},
	Url = {http://arxiv.org/abs/gr-qc/9411005},
	Year = {1994},
	Bdsk-Url-1 = {http://arxiv.org/abs/gr-qc/9411005}}

@book{Smolin2006The-trouble,
	Author = {Smolin, Lee},
	Date-Modified = {2018-01-08 05:18:57 +0000},
	Doi = {10.1007/BF02985383},
	Isbn = {9780618918683},
	Publisher = {Houghton Mifflin},
	Title = {{The trouble with Physics: The rise of string theory, the fall of a Science, and what comes next}},
	Url = {https://www.worldcat.org/title/trouble-with-physics-the-rise-of-string-theory-the-fall-of-a-science-and-what-comes-next/oclc/64453453},
	Year = {2006},
	Bdsk-Url-1 = {https://www.worldcat.org/title/trouble-with-physics-the-rise-of-string-theory-the-fall-of-a-science-and-what-comes-next/oclc/64453453},
	Bdsk-Url-2 = {https://dx.doi.org/10.1007/BF02985383}}

@book{Polchinski1998String,
	Author = {Polchinski, Joseph},
	Date-Modified = {2018-01-08 05:18:57 +0000},
	Day = {13},
	Edition = {1},
	Isbn = {9780521633031},
	Month = oct,
	Publisher = {Cambridge University Press},
	Title = {String Theory (Cambridge Monographs on Mathematical Physics) (Volume 1)},
	Url = {http://www.amazon.com/exec/obidos/redirect?tag=citeulike07-20\&path=ASIN/0521633036},
	Year = {1998},
	Bdsk-Url-1 = {http://www.amazon.com/exec/obidos/redirect?tag=citeulike07-20%5C&path=ASIN/0521633036}}

@book{Zwiebach2009A-First,
	Author = {Barton Zwiebach},
	Date-Modified = {2018-01-08 05:18:57 +0000},
	Edition = {2nd},
	Isbn = {9780521880329,0521880327},
	Publisher = {Cambridge University Press},
	Title = {A First Course in String Theory},
	Url = {http://gen.lib.rus.ec/book/index.php?md5=B4D347FF21638FD4593C0C2BAFBEC160},
	Year = {2009},
	Bdsk-Url-1 = {http://gen.lib.rus.ec/book/index.php?md5=B4D347FF21638FD4593C0C2BAFBEC160}}

@book{Ashtekar1991Lectures,
	Author = {{Ashtekar}, A.},
	Date-Modified = {2018-01-08 05:18:57 +0000},
	Editor = {{Ashtekar, A.}},
	Title = {Lectures on non-perturbative canonical gravity},
	Url = {http://adsabs.harvard.edu/cgi-bin/nph-bib\_query?bibcode=1991lnpc.book.....A},
	Year = {1991},
	Bdsk-Url-1 = {http://adsabs.harvard.edu/cgi-bin/nph-bib%5C_query?bibcode=1991lnpc.book.....A}}

@article{Tong2010Lectures,
	Author = {Tong, David},
	Date-Modified = {2018-01-08 05:18:57 +0000},
	Day = {15},
	Eprint = {0908.0333},
	Month = {Jun},
	Title = {{Lectures on String Theory}},
	Url = {http://arxiv.org/abs/0908.0333},
	Year = {2010},
	Bdsk-Url-1 = {http://arxiv.org/abs/0908.0333}}

@misc{t-Hooft2004Introduction,
	Author = {'t Hooft, Gerard},
	Date-Modified = {2018-01-08 05:18:57 +0000},
	Month = {{May}},
	Title = {Introduction to String Theory},
	Url = {http://www.phys.uu.nl/~thooft/lectures/stringnotes.pdf},
	Year = {2004},
	Bdsk-Url-1 = {http://www.phys.uu.nl/~thooft/lectures/stringnotes.pdf}}

@article{t-Hooft2016Natures,
	Author = {t-Hooft, Gerard},
	Date-Modified = {2018-01-08 05:18:57 +0000},
	Title = {Nature's Book Keeping System},
	Year = {2016}}

@book{Vaid2014LQG-for-the-Bewildered,
	Author = {Vaid, Deepak and Bilson-Thompson, Sundance},
	Date-Modified = {2018-01-08 05:18:57 +0000},
	Day = {14},
	Doi = {10.1007/978-3-319-43184-0},
	Editor = {Christian Caron},
	Eprint = {1402.3586},
	Month = feb,
	Publisher = {Springer Nature},
	Title = {LQG for the Bewildered},
	Url = {http://arxiv.org/abs/1402.3586},
	Year = {2014},
	Bdsk-Url-1 = {http://arxiv.org/abs/1402.3586},
	Bdsk-Url-2 = {https://dx.doi.org/10.1007/978-3-319-43184-0}}
