
@Article{	  freidel2017loop,
  author	= {Freidel, Laurent and Perez, Alejandro and Pranzetti,
		  Daniele},
  doi		= {10.1103/PhysRevD.95.106002},
  eprint	= {1611.03668},
  issn		= {24700029},
  month		= {nov},
  number	= {10},
  title		= {{Loop gravity string}},
  url		= {http://arxiv.org/abs/1611.03668},
  volume	= {95},
  year		= {2017}
}

@Article{	  zuo2016a-note,
  author	= {Zuo, Fen},
  eprint	= {1607.05866},
  month		= {jul},
  title		= {{A note on the architecture of spacetime geometry}},
  url		= {http://arxiv.org/abs/1607.05866},
  year		= {2016}
}

@Article{	  zuo2017simplicity,
  author	= {Zuo, Fen},
  eprint	= {1706.00312},
  month		= {jun},
  title		= {{Simplicity condition and boundary-bulk duality}},
  url		= {http://arxiv.org/abs/1706.00312},
  year		= {2017}
}

@Article{	  kaul2012entropy,
  author	= {Kaul, Romesh K.},
  day		= {8},
  doi		= {10.3842/SIGMA.2012.005},
  eprint	= {1201.6102},
  issn		= {18150659},
  month		= feb,
  title		= {Entropy of Quantum Black Holes},
  url		= {http://dx.doi.org/10.3842/SIGMA.2012.005},
  year		= {2012}
}

@Article{	  smolin1998strings,
  author	= {Smolin, Lee},
  day		= {6},
  doi		= {10.1016/S0920-5632(00)00758-1},
  eprint	= {hep-th/9801022},
  month		= {Jan},
  title		= {Strings as perturbations of evolving spin-networks},
  url		= {http://dx.doi.org/10.1016/S0920-5632(00)00758-1},
  year		= {1998}
}

@Misc{		  smolin2003how-far-are-we-from,
  author	= {Smolin, Lee},
  day		= {11},
  eprint	= {hep-th/0303185},
  month		= apr,
  title		= {How far are we from the quantum theory of gravity?},
  url		= {http://arxiv.org/abs/hep-th/0303185},
  year		= {2003}
}

@Misc{		  thiemann2004the-lqg-string:,
  author	= {Thiemann, Thomas},
  day		= {23},
  eprint	= {hep-th/0401172},
  month		= jan,
  title		= {The {LQG}-String: Loop Quantum Gravity Quantization of
		  String Theory I. Flat Target Space},
  url		= {http://arxiv.org/abs/hep-th/0401172},
  year		= {2004}
}

@Misc{		  gambini2014emergence,
  author	= {Gambini, Rodolfo and Pullin, Jorge},
  day		= {10},
  eprint	= {1406.2610},
  month		= jun,
  title		= {Emergence of string-like physics from Lorentz invariance
		  in loop quantum gravity},
  url		= {http://arxiv.org/abs/1406.2610},
  year		= {2014}
}

@Misc{		  bodendorfer2015a-note,
  author	= {Bodendorfer, Norbert},
  day		= {7},
  eprint	= {1509.02036},
  month		= sep,
  title		= {A note on quantum supergravity and {AdS}/{CFT}},
  url		= {http://arxiv.org/abs/1509.02036},
  year		= {2015}
}

@Article{	  cai2017the-string,
  author	= {Cai, Rong-Gen and Ruan, Shan-Ming and Yang, Run-Qiu and
		  Zhang, Yun-Long},
  eprint	= {1709.06297},
  month		= {sep},
  title		= {{The String Worldsheet as the Holographic Dual of SYK
		  State}},
  url		= {http://arxiv.org/abs/1709.06297},
  year		= {2017}
}

@Article{	  huggett2017the-atemporal,
  author	= {Huggett, Nick and Wuthrich, Christian},
  eprint	= {1710.11444},
  month		= {oct},
  title		= {{The (A)temporal Emergence of Spacetime}},
  url		= {http://arxiv.org/abs/1710.11444},
  year		= {2017}
}

@Article{	  krasnov2009black,
  author	= {Krasnov, Kirill and Rovelli, Carlo},
  day		= {29},
  eprint	= {0905.4916},
  month		= {May},
  title		= {Black holes in full quantum gravity},
  url		= {http://arxiv.org/abs/0905.4916},
  year		= {2009}
}

@Article{	  rovelli2006a-semiclassical,
  author	= {Rovelli, Carlo and Speziale, Simone},
  day		= {27},
  doi		= {10.1088/0264-9381/23/20/008},
  eprint	= {gr-qc/0606074},
  month		= {Aug},
  title		= {A semiclassical tetrahedron},
  url		= {http://dx.doi.org/10.1088/0264-9381/23/20/008},
  year		= {2006}
}

@Misc{		  ambjorn2013quantum,
  author	= {Ambjorn, J. and Goerlich, A. and Jurkiewicz, J. and Loll,
		  R.},
  day		= {8},
  eprint	= {1302.2173},
  month		= feb,
  title		= {Quantum Gravity via Causal Dynamical Triangulations},
  url		= {http://arxiv.org/abs/1302.2173},
  year		= {2013}
}

@Article{	  deser2009gravity,
  author	= {Deser, S.},
  day		= {25},
  doi		= {10.1007/s10714-009-0912-9},
  eprint	= {0910.2975},
  month		= {Nov},
  title		= {{Gravity from self-interaction redux}},
  url		= {http://dx.doi.org/10.1007/s10714-009-0912-9},
  year		= {2009}
}

@Article{	  padmanabhan2004from,
  author	= {Padmanabhan, T.},
  day		= {23},
  eprint	= {gr-qc/0409089},
  month		= sep,
  title		= {From Gravitons to Gravity: Myths and Reality},
  url		= {http://arxiv.org/abs/gr-qc/0409089},
  year		= {2004}
}

@Article{	  boulware1975classical,
  author	= {Boulware, D. and Deser, S.},
  doi		= {10.1016/0003-4916(75)90302-4},
  issn		= {00034916},
  month		= {January},
  number	= {1},
  pages		= {193--240},
  title		= {{Classical general relativity derived from quantum
		  gravity}},
  url		= {http://dx.doi.org/10.1016/0003-4916(75)90302-4},
  volume	= {89},
  year		= {1975}
}

@Article{	  wan2007braid,
  author	= {Wan, Yidun},
  eprint	= {0710.1312},
  month		= {Oct},
  title		= {On Braid Excitations in Quantum Gravity},
  url		= {http://arxiv.org/abs/0710.1312},
  year		= {2007}
}

@Article{	  wan2009effective,
  author	= {Wan, Yidun},
  day		= {8},
  eprint	= {0809.4464},
  month		= jan,
  title		= {Effective Theory of Braid Excitations of Quantum Geometry
		  in terms of Feynman Diagrams},
  url		= {http://arxiv.org/abs/0809.4464},
  year		= {2009}
}

@Article{	  ashtekar2004background,
  author	= {Ashtekar, Abhay and Lewandowski, Jerzy},
  doi		= {10.1088/0264-9381/21/15/R01},
  number	= {15},
  pages		= {R53--R152},
  title		= {Background independent quantum gravity: a status report},
  url		= {http://dx.doi.org/10.1088/0264-9381/21/15/R01},
  volume	= {21},
  year		= {2004}
}

@Misc{		  sen2012logarithmic,
  author	= {Sen, Ashoke},
  day		= {4},
  eprint	= {1205.0971},
  month		= may,
  title		= {Logarithmic Corrections to Schwarzschild and Other
		  Non-extremal Black Hole Entropy in Different Dimensions},
  url		= {http://arxiv.org/abs/1205.0971},
  year		= {2012}
}

@Misc{		  sen2014microscopic,
  author	= {Sen, Ashoke},
  day		= {1},
  eprint	= {1402.0109},
  month		= feb,
  title		= {Microscopic and Macroscopic Entropy of Extremal Black
		  Holes in String Theory},
  url		= {http://arxiv.org/abs/1402.0109},
  year		= {2014}
}

@Article{	  sen1997string,
  author	= {Sen, Ashoke},
  day		= {17},
  doi		= {10.1088/1126-6708/1998/03/005},
  eprint	= {hep-th/9711130},
  issn		= {1029-8479},
  month		= dec,
  number	= {03},
  pages		= {005},
  title		= {String Network},
  url		= {http://dx.doi.org/10.1088/1126-6708/1998/03/005},
  volume	= {1998},
  year		= {1997}
}

@Article{	  morales-tecotl1994fermions,
  author	= {Morales-Tecotl, H. A. and Rovelli, C.},
  day		= {13},
  eprint	= {gr-qc/9401011},
  month		= {Jan},
  title		= {{Fermions in Quantum Gravity}},
  url		= {http://arxiv.org/abs/gr-qc/9401011},
  year		= {1994}
}

@Article{	  rovelli2011zakopane,
  author	= {Rovelli, Carlo},
  day		= {20},
  eprint	= {1102.3660},
  month		= feb,
  title		= {Zakopane Lectures on loop gravity},
  url		= {http://arxiv.org/abs/1102.3660},
  year		= {2011}
}

@Misc{		  bilson-thompson2006quantum,
  author	= {Bilson-Thompson, Sundance O. and Markopoulou, Fotini and
		  Smolin, Lee},
  eprint	= {hep-th/0603022},
  month		= {Mar},
  title		= {Quantum gravity and the standard model},
  url		= {http://arxiv.org/abs/hep-th/0603022},
  year		= {2006}
}

@Article{	  vaid2010embedding,
  author	= {Vaid, Deepak},
  day		= {8},
  eprint	= {1002.1462},
  month		= {Feb},
  title		= {Embedding the Bilson-Thompson model in an LQG-like
		  framework},
  url		= {http://arxiv.org/abs/1002.1462},
  year		= {2010}
}

@Misc{		  vaid2013elementary,
  author	= {Vaid, Deepak},
  day		= {29},
  eprint	= {1307.0096},
  month		= jun,
  title		= {Elementary Particles as Gates for Universal Quantum
		  Computation},
  url		= {http://arxiv.org/abs/1307.0096},
  year		= {2013}
}

@Article{	  ashtekar1992weaving,
  author	= {Ashtekar, Abhay and Rovelli, Carlo and Smolin, Lee},
  doi		= {10.1103/PhysRevLett.69.237},
  month		= jul,
  number	= {2},
  pages		= {237--240},
  title		= {Weaving a classical metric with quantum threads},
  url		= {http://dx.doi.org/10.1103/PhysRevLett.69.237},
  volume	= {69},
  year		= {1992}
}

@Article{	  rovelli1993area,
  author	= {Rovelli, Carlo},
  doi		= {10.1103/PhysRevD.47.1703},
  month		= feb,
  pages		= {1703--1705},
  title		= {Area is the length of Ashtekar's triad field},
  url		= {http://dx.doi.org/10.1103/PhysRevD.47.1703},
  volume	= {47},
  year		= {1993}
}

@Article{	  rovelli1994discreteness,
  author	= {Rovelli, Carlo and Smolin, Lee},
  day		= {2},
  eprint	= {gr-qc/9411005},
  month		= nov,
  title		= {Discreteness of area and volume in quantum gravity},
  url		= {http://arxiv.org/abs/gr-qc/9411005},
  year		= {1994}
}

@Book{		  smolin2006the-trouble,
  author	= {Smolin, Lee},
  doi		= {10.1007/BF02985383},
  isbn		= {9780618918683},
  publisher	= {Houghton Mifflin},
  title		= {{The trouble with Physics: The rise of string theory, the
		  fall of a Science, and what comes next}},
  url		= {https://www.worldcat.org/title/trouble-with-physics-the-rise-of-string-theory-the-fall-of-a-science-and-what-comes-next/oclc/64453453},
  year		= {2006}
}

@Book{		  polchinski1998astring,
  author	= {Polchinski, Joseph},
  day		= {13},
  edition	= {1},
  isbn		= {9780521633031},
  month		= oct,
  publisher	= {Cambridge University Press},
  title		= {String Theory (Cambridge Monographs on Mathematical
		  Physics) (Volume 1)},
  url		= {http://www.amazon.com/exec/obidos/redirect?tag=citeulike07-20\&path=ASIN/0521633036},
  year		= {1998}
}

@Book{		  zwiebach2009a-first,
  author	= {Barton Zwiebach},
  edition	= {2nd},
  isbn		= {9780521880329,0521880327},
  publisher	= {Cambridge University Press},
  title		= {A First Course in String Theory},
  url		= {http://gen.lib.rus.ec/book/index.php?md5=B4D347FF21638FD4593C0C2BAFBEC160},
  year		= {2009}
}

@Book{		  ashtekar1991lectures,
  author	= {{Ashtekar}, A.},
  editor	= {{Ashtekar, A.}},
  title		= {Lectures on non-perturbative canonical gravity},
  url		= {http://adsabs.harvard.edu/cgi-bin/nph-bib\_query?bibcode=1991lnpc.book.....A},
  year		= {1991}
}

@Article{	  tong2010lectures,
  author	= {Tong, David},
  day		= {15},
  eprint	= {0908.0333},
  month		= {Jun},
  title		= {{Lectures on String Theory}},
  url		= {http://arxiv.org/abs/0908.0333},
  year		= {2010}
}

@Misc{		  t-hooft2004introduction,
  author	= {'t Hooft, Gerard},
  month		= {{May}},
  title		= {Introduction to String Theory},
  url		= {http://www.phys.uu.nl/~thooft/lectures/stringnotes.pdf},
  year		= {2004}
}

@Article{	  t-hooft2016natures,
  author	= {t-Hooft, Gerard},
  title		= {Nature's Book Keeping System},
  year		= {2016}
}

@Book{		  vaid2014lqg-for-the-bewildered,
  author	= {Vaid, Deepak and Bilson-Thompson, Sundance},
  day		= {14},
  doi		= {10.1007/978-3-319-43184-0},
  editor	= {Christian Caron},
  eprint	= {1402.3586},
  month		= feb,
  publisher	= {Springer Nature},
  title		= {LQG for the Bewildered},
  url		= {http://arxiv.org/abs/1402.3586},
  year		= {2014}
}
